@article{Karimi1,
  author    = {Hamed Karimi and
               Julie Nutini and
               Mark W. Schmidt},
  title     = {Linear Convergence of Gradient and Proximal-Gradient Methods Under
               the Polyak-{\L}ojasiewicz Condition},
  journal   = {CoRR},
  volume    = {abs/1608.04636},
  year      = {2016},
  url       = {http://arxiv.org/abs/1608.04636},
  archivePrefix = {arXiv},
  eprint    = {1608.04636},
  timestamp = {Mon, 13 Aug 2018 16:48:37 +0200},
  biburl    = {https://dblp.org/rec/journals/corr/KarimiNS16.bib},
  bibsource = {dblp computer science bibliography, https://dblp.org}
}
@Article{Karimi2,
  title =	"Linear Convergence of Gradient and Proximal-Gradient
		 Methods Under the Polyak-{\L}ojasiewicz Condition",
  author =	"Hamed Karimi and Julie Nutini and Mark W. Schmidt",
  journal =	"CoRR",
  year = 	"2016",
  volume =	"abs/1608.04636",
  bibdate =	"2018-08-13",
  bibsource =	"DBLP,
		 http://dblp.uni-trier.de/db/journals/corr/corr1608.html#KarimiNS16",
  URL =  	"http://arxiv.org/abs/1608.04636",
}
@Article{Gasnikov1,
  title =	"Современные численные методы оптимизации, метод универсального градиентного спуска",
  author =	"А. В. Гасников",
  year = 	"2018",
  URL =  	"https://arxiv.org/ftp/arxiv/papers/1711/1711.00394.pdf",
}
@Article{Gasnikov2,
  title =	"Универсальный метод для задач стохастической
композитной оптимизации",
  author =	"А. В. Гасников",
  year = 	"2016",
  URL =  	"https://arxiv.org/pdf/1604.05275.pdf",
}
@Article{Stepanov,
  title =	"Моделирование конкуренции в условиях рынка",
  author =	"Степанов Л. В.",
  year = 	"2009",
  URL =  	"https://www.monographies.ru/ru/book/view?id=65",
}
@Misc{Prafulla,
  title =	"Speaker Independent Vowel Recognition using
		 Backpropagation Neural Network on Master-Slave
		 Architecture JV.S. Srinivas,",
  author =	"G. Sandhya Prafulla",
  year = 	"2013",
  month =	oct # "~02",
  number =	"3/",
  abstract =	"Objective of the work is speaker independent
		 recognition of vowels of British English. Back
		 propagation is one of the simplest and most widely used
		 methods for supervised training of multi layer neural
		 networks. In this paper we use parallel implementation
		 of Backpropagation (BP) on Master -- Slave architecture
		 to recognize speaker independent eleven steady state
		 vowels of British English. We perform the recognition
		 task on both sequential and parallel implementation.
		 The performance parameters speed-up, optimal number of
		 processors and processing time are evaluated for both
		 implementations.",
  annote =	"The Pennsylvania State University CiteSeerX Archives",
  bibsource =	"OAI-PMH server at citeseerx.ist.psu.edu",
  language =	"en",
  oai =  	"oai:CiteSeerX.psu:10.1.1.361.4083",
  rights =	"Metadata may be used without restrictions as long as
		 the oai identifier remains attached to it.",
  subject =	"General Terms Vowel dataset from UCI; Backpropagation
		 algorithm; Parallel implementation; Master-Slave
		 architecture; Learning rate",
  URL =  	"http://citeseerx.ist.psu.edu/viewdoc/summary?doi=10.1.1.361.4083;
		 http://research.ijcaonline.org/volume48/number3/pxc3879924.pdf",
}